<record><leader>00000cas a22000007a 4500</leader><controlfield tag="001">18386100</controlfield><controlfield tag="008">880822d19uu1955ohudn ne      0    0eng d</controlfield><datafield ind1=" " ind2=" " tag="010"><subfield code="a">sn 88077710 </subfield></datafield><datafield ind1=" " ind2=" " tag="040"><subfield code="a">ONP</subfield><subfield code="b">eng</subfield><subfield code="c">ONP</subfield><subfield code="d">OCLCQ</subfield></datafield><datafield ind1=" " ind2=" " tag="042"><subfield code="a">msc</subfield></datafield><datafield ind1="0" ind2="4" tag="245"><subfield code="a">The Daily reporter, daily law journal and daily legal news.</subfield></datafield><datafield ind1=" " ind2=" " tag="260"><subfield code="a">Columbus, Ohio :</subfield><subfield code="b">Reporter Pub. Co.,</subfield><subfield code="c">-1955.</subfield></datafield><datafield ind1=" " ind2=" " tag="310"><subfield code="a">Daily (except Sun.)</subfield></datafield><datafield ind1="0" ind2=" " tag="362"><subfield code="a">-v. 109, no. 275 (Aug. 27, 1955).</subfield></datafield><datafield ind1=" " ind2=" " tag="588"><subfield code="a">Description based on: Vol. 49, no. 78 (July 1, 1920).</subfield></datafield><datafield ind1=" " ind2=" " tag="752"><subfield code="a">United States</subfield><subfield code="b">Ohio</subfield><subfield code="c">Franklin</subfield><subfield code="d">Columbus.</subfield></datafield><datafield ind1="0" ind2="0" tag="780"><subfield code="t">Daily reporter and daily legal news</subfield><subfield code="w">(DLC)sn 88077709</subfield></datafield><datafield ind1="0" ind2="0" tag="785"><subfield code="t">Daily reporter (Columbus, Ohio : 1955)</subfield><subfield code="w">(DLC)sn 88077711</subfield></datafield></record>